<?xml version="1.0" encoding="UTF-8"?><collection xmlns="http://www.loc.gov/MARC21/slim"><record><leader>00335nam--2200133-i-4500</leader><controlfield tag="001">000046398</controlfield><controlfield tag="002">20161230</controlfield><controlfield tag="005">20161230201045</controlfield><controlfield tag="008">060222s1000------------r-----000-0-eng-d</controlfield><datafield ind1=" " ind2=" " tag="080"><subfield code="a">621.039.53</subfield></datafield><datafield ind1=" " ind2=" " tag="100"><subfield code="a">Ursu, Ioan</subfield></datafield><datafield ind1=" " ind2=" " tag="245"><subfield code="a">Fizica si tehnologia materialelor nucleare</subfield></datafield><datafield ind1=" " ind2=" " tag="260"><subfield code="a">Bucuresti, Ed.Acad.Rsr, 1982, 612p</subfield></datafield><datafield ind1=" " ind2=" " tag="852"><subfield code="a">70964</subfield></datafield></record></collection>